@ARTICLE{anand17,
   author = {{Raichoor}, A. and {Comparat}, J. and {Delubac}, T. and {Kneib}, J.-P. and 
    {Y{\`e}che}, C. and {Dawson}, K.~S. and {Percival}, W.~J. and 
    {Dey}, A. and {Lang}, D. and {Schlegel}, D.~J. and {Gorgoni}, C. and 
    {Bautista}, J. and {Brownstein}, J.~R. and {Mariappan}, V. and 
    {Seo}, H.-J. and {Tinker}, J.~L. and {Ross}, A.~J. and {Wang}, Y. and 
    {Zhao}, G.-B. and {Moustakas}, J. and {Palanque-Delabrouille}, N. and 
    {Jullo}, E. and {Newmann}, J.~A. and {Prada}, F. and {Zhu}, G.~B.
    },
    title = "{The SDSS-IV extended Baryon Oscillation Spectroscopic Survey: final emission line galaxy target selection}",
  journal = {\mnras},
archivePrefix = "arXiv",
   eprint = {1704.00338},
 keywords = {methods: data analysis, galaxies: distances and redshifts, galaxies: photometry, galaxies: stellar content, large-scale structure of Universe, cosmology: observations},
     year = 2017,
    month = nov,
   volume = 471,
    pages = {3955-3973},
      doi = {10.1093/mnras/stx1790},
   adsurl = {http://adsabs.harvard.edu/abs/2017MNRAS.471.3955R},
  adsnote = {Provided by the SAO/NASA Astrophysics Data System}
}

@ARTICLE{landy93,
   author = {{Landy}, S.~D. and {Szalay}, A.~S.},
    title = "{Bias and variance of angular correlation functions}",
  journal = {\apj},
 keywords = {Angular Correlation, Bias, Computational Astrophysics, Galactic Clusters, Variance, Correlation Coefficients, Monte Carlo Method, Random Variables},
     year = 1993,
    month = jul,
   volume = 412,
    pages = {64-71},
      doi = {10.1086/172900},
   adsurl = {http://adsabs.harvard.edu/abs/1993ApJ...412...64L},
  adsnote = {Provided by the SAO/NASA Astrophysics Data System}
}

@ARTICLE{ross12weights,
   author = {{Ross}, A.~J. and {Percival}, W.~J. and {S{\'a}nchez}, A.~G. and 
	{Samushia}, L. and {Ho}, S. and {Kazin}, E. and {Manera}, M. and 
	{Reid}, B. and {White}, M. and {Tojeiro}, R. and {McBride}, C.~K. and 
	{Xu}, X. and {Wake}, D.~A. and {Strauss}, M.~A. and {Montesano}, F. and 
	{Swanson}, M.~E.~C. and {Bailey}, S. and {Bolton}, A.~S. and 
	{Dorta}, A.~M. and {Eisenstein}, D.~J. and {Guo}, H. and {Hamilton}, J.-C. and 
	{Nichol}, R.~C. and {Padmanabhan}, N. and {Prada}, F. and {Schlegel}, D.~J. and 
	{Maga{\~n}a}, M.~V. and {Zehavi}, I. and {Blanton}, M. and {Bizyaev}, D. and 
	{Brewington}, H. and {Cuesta}, A.~J. and {Malanushenko}, E. and 
	{Malanushenko}, V. and {Oravetz}, D. and {Parejko}, J. and {Pan}, K. and 
	{Schneider}, D.~P. and {Shelden}, A. and {Simmons}, A. and {Snedden}, S. and 
	{Zhao}, G.-b.},
    title = "{The clustering of galaxies in the SDSS-III Baryon Oscillation Spectroscopic Survey: analysis of potential systematics}",
  journal = {\mnras},
archivePrefix = "arXiv",
   eprint = {1203.6499},
 keywords = {cosmology: observations, distance scale, large-scale structure of Universe},
     year = 2012,
    month = jul,
   volume = 424,
    pages = {564-590},
      doi = {10.1111/j.1365-2966.2012.21235.x},
   adsurl = {http://adsabs.harvard.edu/abs/2012MNRAS.424..564R},
  adsnote = {Provided by the SAO/NASA Astrophysics Data System}
}

@ARTICLE{beutler16bosswz,
   author = {{Beutler}, F. and {Blake}, C. and {Koda}, J. and {Mar{\'{\i}}n}, F.~A. and 
	{Seo}, H.-J. and {Cuesta}, A.~J. and {Schneider}, D.~P.},
    title = "{The BOSS-WiggleZ overlap region - I. Baryon acoustic oscillations}",
  journal = {\mnras},
archivePrefix = "arXiv",
   eprint = {1506.03900},
 keywords = {surveys, cosmology: observations, dark energy, distance scale, large-scale structure of Universe},
     year = 2016,
    month = jan,
   volume = 455,
    pages = {3230-3248},
      doi = {10.1093/mnras/stv1943},
   adsurl = {http://adsabs.harvard.edu/abs/2016MNRAS.455.3230B},
  adsnote = {Provided by the SAO/NASA Astrophysics Data System}
}


@ARTICLE{blake10,
   author = {{Blake}, C. and {Brough}, S. and {Colless}, M. and {Couch}, W. and 
	{Croom}, S. and {Davis}, T. and {Drinkwater}, M.~J. and {Forster}, K. and 
	{Glazebrook}, K. and {Jelliffe}, B. and {Jurek}, R.~J. and {Li}, I.-H. and 
	{Madore}, B. and {Martin}, C. and {Pimbblet}, K. and {Poole}, G.~B. and 
	{Pracy}, M. and {Sharp}, R. and {Wisnioski}, E. and {Woods}, D. and 
	{Wyder}, T.},
    title = "{The WiggleZ Dark Energy Survey: the selection function and z = 0.6 galaxy power spectrum}",
  journal = {\mnras},
archivePrefix = "arXiv",
   eprint = {1003.5721},
 keywords = {surveys, cosmological parameters, large-scale structure of Universe},
     year = 2010,
    month = aug,
   volume = 406,
    pages = {803-821},
      doi = {10.1111/j.1365-2966.2010.16747.x},
   adsurl = {http://adsabs.harvard.edu/abs/2010MNRAS.406..803B},
  adsnote = {Provided by the SAO/NASA Astrophysics Data System}
}



@ARTICLE{eisenstein05detection,
   author = {{Eisenstein}, D.~J. and {Zehavi}, I. and {Hogg}, D.~W. and {Scoccimarro}, R. and 
	{Blanton}, M.~R. and {Nichol}, R.~C. and {Scranton}, R. and 
	{Seo}, H.-J. and {Tegmark}, M. and {Zheng}, Z. and {Anderson}, S.~F. and 
	{Annis}, J. and {Bahcall}, N. and {Brinkmann}, J. and {Burles}, S. and 
	{Castander}, F.~J. and {Connolly}, A. and {Csabai}, I. and {Doi}, M. and 
	{Fukugita}, M. and {Frieman}, J.~A. and {Glazebrook}, K. and 
	{Gunn}, J.~E. and {Hendry}, J.~S. and {Hennessy}, G. and {Ivezi{\'c}}, Z. and 
	{Kent}, S. and {Knapp}, G.~R. and {Lin}, H. and {Loh}, Y.-S. and 
	{Lupton}, R.~H. and {Margon}, B. and {McKay}, T.~A. and {Meiksin}, A. and 
	{Munn}, J.~A. and {Pope}, A. and {Richmond}, M.~W. and {Schlegel}, D. and 
	{Schneider}, D.~P. and {Shimasaku}, K. and {Stoughton}, C. and 
	{Strauss}, M.~A. and {SubbaRao}, M. and {Szalay}, A.~S. and 
	{Szapudi}, I. and {Tucker}, D.~L. and {Yanny}, B. and {York}, D.~G.
	},
    title = "{Detection of the Baryon Acoustic Peak in the Large-Scale Correlation Function of SDSS Luminous Red Galaxies}",
  journal = {\apj},
   eprint = {astro-ph/0501171},
 keywords = {Cosmology: Cosmic Microwave Background, Cosmology: Cosmological Parameters, Cosmology: Observations, Cosmology: Distance Scale, Galaxies: Elliptical and Lenticular, cD, Cosmology: Large-Scale Structure of Universe},
     year = 2005,
    month = nov,
   volume = 633,
    pages = {560-574},
      doi = {10.1086/466512},
   adsurl = {http://adsabs.harvard.edu/abs/2005ApJ...633..560E},
  adsnote = {Provided by the SAO/NASA Astrophysics Data System}
}



@ARTICLE{seo07,
   author = {{Seo}, H.-J. and {Eisenstein}, D.~J.},
    title = "{Improved Forecasts for the Baryon Acoustic Oscillations and Cosmological Distance Scale}",
  journal = {\apj},
   eprint = {astro-ph/0701079},
 keywords = {Cosmology: Cosmic Microwave Background, Cosmology: Cosmological Parameters, Cosmology: Distance Scale, Cosmology: Large-Scale Structure of Universe},
     year = 2007,
    month = aug,
   volume = 665,
    pages = {14-24},
      doi = {10.1086/519549},
   adsurl = {http://adsabs.harvard.edu/abs/2007ApJ...665...14S},
  adsnote = {Provided by the SAO/NASA Astrophysics Data System}
}



@ARTICLE{eisenstein98,
   author = {{Eisenstein}, D.~J. and {Hu}, W.},
    title = "{Baryonic Features in the Matter Transfer Function}",
  journal = {\apj},
   eprint = {astro-ph/9709112},
 keywords = {COSMOLOGY: THEORY, COSMOLOGY: DARK MATTER, COSMOLOGY: LARGE-SCALE STRUCTURE OF UNIVERSE, Cosmology: Theory, Cosmology: Dark Matter, Cosmology: Large-Scale Structure of Universe},
     year = 1998,
    month = mar,
   volume = 496,
    pages = {605-614},
      doi = {10.1086/305424},
   adsurl = {http://adsabs.harvard.edu/abs/1998ApJ...496..605E},
  adsnote = {Provided by the SAO/NASA Astrophysics Data System}
}

@ARTICLE{beutler14,
   author = {{Beutler}, F. and {Saito}, S. and {Seo}, H.-J. and {Brinkmann}, J. and 
	{Dawson}, K.~S. and {Eisenstein}, D.~J. and {Font-Ribera}, A. and 
	{Ho}, S. and {McBride}, C.~K. and {Montesano}, F. and {Percival}, W.~J. and 
	{Ross}, A.~J. and {Ross}, N.~P. and {Samushia}, L. and {Schlegel}, D.~J. and 
	{S{\'a}nchez}, A.~G. and {Tinker}, J.~L. and {Weaver}, B.~A.
	},
    title = "{The clustering of galaxies in the SDSS-III Baryon Oscillation Spectroscopic Survey: testing gravity with redshift space distortions using the power spectrum multipoles}",
  journal = {\mnras},
archivePrefix = "arXiv",
   eprint = {1312.4611},
 keywords = {gravitation, surveys, cosmological parameters, cosmology: observations, dark energy, large-scale structure of Universe},
     year = 2014,
    month = sep,
   volume = 443,
    pages = {1065-1089},
      doi = {10.1093/mnras/stu1051},
   adsurl = {http://adsabs.harvard.edu/abs/2014MNRAS.443.1065B},
  adsnote = {Provided by the SAO/NASA Astrophysics Data System}
}

@ARTICLE{beutler16,
   author = {{Beutler}, F. and {Seo}, H.-J. and {Ross}, A.~J. and {McDonald}, P. and 
	{Saito}, S. and {Bolton}, A.~S. and {Brownstein}, J.~R. and 
	{Chuang}, C.-H. and {Cuesta}, A.~J. and {Eisenstein}, D.~J. and 
	{Font-Ribera}, A. and {Grieb}, J.~N. and {Hand}, N. and {Kitaura}, F.-S. and 
	{Modi}, C. and {Nichol}, R.~C. and {Percival}, W.~J. and {Prada}, F. and 
	{Rodriguez-Torres}, S. and {Roe}, N.~A. and {Ross}, N.~P. and 
	{Salazar-Albornoz}, S. and {S{\'a}nchez}, A.~G. and {Schneider}, D.~P. and 
	{Slosar}, A. and {Tinker}, J. and {Tojeiro}, R. and {Vargas-Maga{\~n}a}, M. and 
	{Vazquez}, J.~A.},
    title = "{The clustering of galaxies in the completed SDSS-III Baryon Oscillation Spectroscopic Survey: Baryon Acoustic Oscillations in Fourier-space}",
  journal = {ArXiv e-prints},
archivePrefix = "arXiv",
   eprint = {1607.03149},
 keywords = {Astrophysics - Cosmology and Nongalactic Astrophysics},
     year = 2016,
    month = jul,
   adsurl = {http://adsabs.harvard.edu/abs/2016arXiv160703149B},
  adsnote = {Provided by the SAO/NASA Astrophysics Data System}
}



@ARTICLE{comparat16,
   author = {{Comparat}, J. and {Zhu}, G. and {Perez-Gonzalez}, V. and {Norberg}, P. and 
	{Newman}, J. and {Tresse}, L. and {Richard}, J. and {Yepes}, G. and 
	{Kneib}, J.-P. and {Raichoor}, A. and {Prada}, F. and {Maraston}, C. and 
	{Y{\`e}che}, C. and {Delubac}, T. and {Jullo}, E.},
    title = "{The evolution of the [OII], H$\{$$\backslash$beta$\}$ and [OIII] emission-line luminosity functions}",
  journal = {ArXiv e-prints},
archivePrefix = "arXiv",
   eprint = {1605.02875},
 keywords = {Astrophysics - Astrophysics of Galaxies, Astrophysics - Cosmology and Nongalactic Astrophysics},
     year = 2016,
    month = may,
   adsurl = {http://adsabs.harvard.edu/abs/2016arXiv160502875C},
  adsnote = {Provided by the SAO/NASA Astrophysics Data System}
}

@ARTICLE{rowe15,
   author = {{Rowe}, B.~T.~P. and {Jarvis}, M. and {Mandelbaum}, R. and {Bernstein}, G.~M. and 
	{Bosch}, J. and {Simet}, M. and {Meyers}, J.~E. and {Kacprzak}, T. and 
	{Nakajima}, R. and {Zuntz}, J. and {Miyatake}, H. and {Dietrich}, J.~P. and 
	{Armstrong}, R. and {Melchior}, P. and {Gill}, M.~S.~S.},
    title = "{GALSIM: The modular galaxy image simulation toolkit}",
  journal = {Astronomy and Computing},
archivePrefix = "arXiv",
   eprint = {1407.7676},
 primaryClass = "astro-ph.IM",
 keywords = {Methods: data analysis, Techniques: image processing, Gravitational lensing, Cosmology: observations},
     year = 2015,
    month = apr,
   volume = 10,
    pages = {121-150},
      doi = {10.1016/j.ascom.2015.02.002},
   adsurl = {http://adsabs.harvard.edu/abs/2015A%26C....10..121R},
  adsnote = {Provided by the SAO/NASA Astrophysics Data System}
}

